
@InProceedings{andrews:1998,
  author  = {Andrews, Keith and Heidegger, Helmut},
  title   = {Information Slices: Visualising and Exploring Large Hierarchies
            using Cascading, Semi-Circular Discs},
  booktitle={IEEE Symposium on Information Visualization (InfoVis'98)},
  year    = {1998}
}

@InProceedings{balzer:2005,
  author  = {Balzer, Michael and Deussen, Oliver},
  title   = {Voronoi Treemaps},
  booktitle={Proceedings of Infovis 05},
  keywords= {treemap},
  year    = {2005}
}

@Article{becker:1996,
  author  = {Becker, Richard A. and Cleveland, William S. and Shyu,
            Ming-Jen},
  title   = {The visual design and control of trellis display},
  journal = {Journal of Computational and Graphical Statistics},
  keywords= {plot/conditioning},
  number  = {2},
  pages   = {123-155},
  volume  = {5},
  year    = {1996}
}

@InProceedings{bruls:1999,
  author  = {Bruls, Mark and Huizing, Kees and van Wijk, Jarke J.},
  title   = {Squarified Treemaps},
  booktitle={IEEE Symposium on Information Visualization},
  journal = {1999},
  url     = {http://www.win.tue.nl/~vanwijk/stm.pdf},
  year    = {1999}
}

@Article{cleveland:1984,
  author  = {Cleveland, William S. and McGill, Robert},
  title   = {Graphical Perception: Theory, Experimentation and Application to
            the Development of Graphical Methods.},
  journal = {Journal of the American Statistical Association},
  keywords= {perception},
  number  = 387,
  pages   = {531-554},
  volume  = 79,
  year    = 1984
}

@Article{cleveland:1986,
  author  = {Cleveland, William S. and McGill, Robert},
  title   = {An experiment in graphical perception},
  doi     = {DOI: 10.1016/S0020-7373(86)80019-0},
  issn    = {0020-7373},
  journal = {International Journal of Man-Machine Studies},
  number  = {5},
  pages   = {491 - 500},
  url     = {http://www.sciencedirect.com/science/article/B6WGS-4T685SM-3/2/9babb62085948bccb9b1796fbd265bd7}
            ,
  volume  = {25},
  year    = {1986},
  bdsk-url-2={http://dx.doi.org/10.1016/S0020-7373(86)80019-0}
}

@Article{cox:1978,
  author  = {Cox, D. R.},
  title   = {Some Remarks on the Role in Statistics of Graphical Methods},
  journal = {Applied Statistics},
  number  = {1},
  pages   = {4--9},
  volume  = {27},
  year    = {1978}
}

@Electronic{davis:2008,
  author  = {Davis, James Allan and Smith, Tom W},
  title   = {General social surveys, 1972-2008 [machine-readable data file]},
  note    = {Principal Investigator, James A. Davis; Director and
            Co-Principal Investigator, Tom W. Smith; Co-Principal
            Investigator, Peter V. Marsden; Sponsored by National Science
            Foundation. --NORC ed.-- Chicago: National Opinion Research
            Center [producer]; Storrs, CT: The Roper Center for Public
            Opinion Research, University of Connecticut [distributor],
            2009.},
  url     = {http://www.norc.uchicago.edu/GSS+Website/},
  year    = {2008}
}

@Article{denby:2009,
  author  = {Denby, Lorraine and Mallows, Colin},
  title   = {Variations on the Histogram},
  doi     = {10.1198/jcgs.2009.0002},
  journal = {Journal of Computational and Graphical Statistics},
  number  = {1},
  pages   = {21-31},
  url     = {http://pubs.amstat.org/doi/abs/10.1198/jcgs.2009.0002},
  volume  = {18},
  year    = {2009},
  bdsk-url-2={http://dx.doi.org/10.1198/jcgs.2009.0002}
}

@Article{friendly:1994,
  author  = {Friendly, Michael},
  title   = {Mosaic Displays for Multi-Way Contingency Tables},
  journal = {Journal of the American Statistical Association},
  keywords= {plot/area},
  number  = {425},
  pages   = {190-200},
  volume  = {89},
  year    = {1994}
}

@TechReport{friendly:1995,
  author  = {Friendly, Michael},
  title   = {A Fourfold Display for 2 by 2 by k Table},
  institution={Psychology Department, York University},
  number  = {217},
  year    = {1995}
}

@InProceedings{hartigan:1981,
  author  = {Hartigan, J. A. and Kleiner, B.},
  title   = {Mosaics for Contingency Tables},
  address = {Fairfax Station, VA},
  booktitle={Computer Science and Statistics: Proceedings of the 13th
            Symposium on the Interface},
  keywords= {plot/area},
  pages   = {268--273},
  publisher={Interface Foundation of North America, Inc.},
  year    = 1981
}

@InProceedings{heer:2010,
  author  = {Heer, Jeffrey and Bostock, Michael},
  title   = {Crowdsourcing Graphical Perception: Using Mechanical Turk to
            Assess Visualization Design},
  booktitle={CHI 2010},
  year    = {2010}
}

@Article{hofmann:2000,
  author  = {Hofmann, Heike},
  title   = {Exploring categorical data: Interactive mosaic plots},
  journal = {Metrika},
  keywords= {plot/area},
  number  = {1},
  pages   = {11--26},
  volume  = {51},
  year    = {2000}
}

@Article{hofmann:2001,
  author  = {Hofmann, Heike},
  title   = {Generalized Odds Ratios for Visual Modeling},
  journal = {Journal of Computational and Graphical Statistics},
  keywords= {plot/area},
  number  = {4},
  pages   = {628-640},
  volume  = {10},
  year    = {2001}
}

@Article{hofmann:2003,
  author  = {Hofmann, H.},
  title   = {Constructing and Reading Mosaicplots},
  journal = {Computational Statistics and Data Analysis},
  keywords= {plot/area},
  number  = 4,
  pages   = {565--580},
  volume  = 43,
  year    = 2003
}

@Article{hummel:1996,
  author  = {Hummel, J\"urgen},
  title   = {Linked Bar Charts: Analysing Categorical Data Graphically.},
  journal = {Journal of Computational Statistics},
  keywords= {plot/area},
  pages   = {23-33},
  volume  = 11,
  year    = 1996
}

@Article{keim:2002,
  author  = {Keim, D. A. and Hao, M. C. and Dayal, U.},
  title   = {Hierarchical pixel bar charts},
  er      = {Computer Graphics and Applications, IEEE},
  ja      = {Visualization and Computer Graphics, IEEE Transactions on},
  journal = {Visualization and Computer Graphics, IEEE Transactions on},
  keywords= {business graphics ,data mining ,data visualisation ,electronic
            commerce ,graphs ,information resources ,technical presentation
            ,very large databases ,Web services ,categorical data
            ,categorical data dimensions ,data mining ,data records ,data
            type ,e-business ,hierarchical pixel bar charts ,hierarchical
            visualization ,highly aggregated data ,multidimensional data
            visualization ,numerical data ,presentation graphics ,very large
            databases ,x-y plots},
  number  = {3},
  pages   = {255 --269},
  sn      = {1077-2626},
  ty      = {JOUR},
  volume  = {8},
  year    = {2002}
}

@InBook{lalanne:1843,
  author  = {Lalanne, L'eon},
  title   = {Appendice Sur La Representation Graphique Des Tableaux
            M{\'e}t{\'e}orologiques Et Des Lois Naturelles En G{\'e}n{\'e}ral},
  editor  = {Kaemtz, L. F.},
  keywords= {wind rose},
  publisher={Cours Complet de M{\'e}t{\'e}orologie},
  year    = {1843}
}

@InProceedings{leblanc:1990,
  author  = {LeBlanc, J. and Ward, M.O. and Wittels, N.},
  title   = {Exploring N-dimensional databases},
  booktitle={Proceedings of Visualization '90},
  pages   = {230--237},
  year    = {1990}
}

@InProceedings{lou:2007,
  author  = {Lou, Xinghua and Liu, Shixia and Wang, Tianshu},
  title   = {FanLens: Dynamic Hierarchical Exploration of Tabular Data},
  booktitle={Infovis 2007 (poster)},
  keywords= {plot/area},
  year    = {2007}
}

@Conference{lu:2008,
  author  = {L{\"u}, H. and Fogarty, J.},
  title   = {Cascaded treemaps: examining the visibility and stability of
            structure in treemaps},
  booktitle={Proceedings of Graphics Interface 2008},
  keywords= {treemap},
  organization={Canadian Information Processing Society},
  pages   = {259--266},
  year    = {2008}
}

@Book{nightingale:1857,
  author  = {Nightingale, Florence},
  title   = {Notes on matters affecting the health, efficiency and hospital
            administration of the British Army},
  address = {London},
  keywords= {plot},
  publisher={Private publication},
  year    = {1857}
}

@Electronic{peltier:2009,
  author  = {Peltier, Jon},
  title   = {Marimekko Replacement -- Overlapping Bars (Easy)},
  url     = {http://peltiertech.com/WordPress/marimekko-replacement-overlapping-bars-easy/}
            ,
  urldate = {March 3, 2009},
  year    = {2009}
}

@Article{shneiderman:1992,
  author  = {Shneiderman, Ben},
  title   = {Tree visualization with tree-maps: 2-d space-filling approach},
  address = {New York, NY, USA},
  doi     = {http://doi.acm.org/10.1145/102377.115768},
  issn    = {0730-0301},
  journal = {ACM Trans. Graph.},
  keywords= {treemap},
  number  = {1},
  pages   = {92--99},
  publisher={ACM},
  volume  = {11},
  year    = {1992}
}

@InProceedings{stasko:2000,
  author  = {Stasko, John and Zhang, Eugene},
  title   = {Focus+Context Display and Navigation Techniques for Enhancing
            Radial, Space-Filling Hierarchy Visualizations},
  booktitle={Information Visualization 2000},
  keywords= {plot/area},
  year    = {2000}
}

@Book{tukey:1977,
  author  = {Tukey, John W.},
  title   = {Exploratory Data Analysis},
  keywords= {data-analysis},
  publisher={Addison--Wesley},
  year    = {1977},
  annote  = {Exploration vs. confirmation (need to mention obsession of
            statisticians in general with confirmatory analyses). Smoothing
            to see trend, esp. useful when variability high. Founding
            father.}
}

@Article{unwin:1996,
  author  = {Unwin, A.~R. and Hawkins, G. and Hofmann, H. and Siegl, B.},
  title   = {Interactive Graphics for Data Sets with Missing Values -
            {MANET}},
  journal = {Journal of Computational and Graphical Statistics},
  keywords= {software/manet, augsburg},
  number  = 2,
  pages   = {113--122},
  volume  = 5,
  year    = 1996
}

@InCollection{unwin:1998,
  author  = {Unwin, A. and Hofmann, H.},
  title   = {New Interactive Graphics Tools for Exploratory Analysis of
            Spatial Data},
  address = {London},
  booktitle={Innovations in GIS 5},
  keywords= {software/regard; geography; augsburg},
  pages   = {46-55},
  publisher={Taylor & Francis},
  year    = {1998}
}

@Article{unwin:2003aa,
  author  = {Unwin, Antony and Volinsky, Chris and Winkler, Sylvia},
  title   = {Parallel coordinates for exploratory modelling analysis},
  journal = {Computational Statistics \& Data Analysis},
  keywords= {parallel coordinates; augsburg; model exploration},
  number  = {4},
  pages   = {553-564},
  url     = {http://rosuda.org/~unwin/AntonyArts/uvwCSDA.pdf},
  volume  = {43},
  year    = {2003}
}

@Book{unwin:2006,
  author  = {Unwin, Antony and Theus, Martin and Hofmann, Heike},
  title   = {Graphics of Large Datasets},
  keywords= {software/ggobi; software/mondrian; augsburg},
  publisher={Springer},
  year    = {2006}
}

@Article{vliegen:2006,
  author  = {Vliegen, Roel and van Wikj, Jarke J and van der Linden,
            Erik-Jan},
  title   = {Visualizing Business Data with Generalized Treemaps},
  journal = {IEEE Transactions on Visualization and Computer Graphics},
  keywords= {plot/area},
  number  = {5},
  pages   = {789--796},
  volume  = {12},
  year    = {2006}
}

@Article{wainer:1974,
  author  = {Wainer, Howard},
  title   = {The Suspended Rootogram and Other Visual Displays: An Empirical
            Validation},
  journal = {The American Statistician},
  number  = {4},
  pages   = {143-145},
  url     = {http://www.jstor.org/stable/2683341},
  volume  = {28},
  year    = {1974}
}

@InProceedings{wattenberg:2005,
  author  = {Wattenberg, Martin},
  title   = {A Note on Space-Filling Visualizations and Space-Filling Curves
            },
  booktitle={Proceedings of Infovis 05},
  keywords= {treemap},
  year    = {2005}
}

@Webpage{wetzel:2008,
  author  = {Wetzel, Kai},
  url     = {http://lip.sourceforge.net/ctreemap.html},
  year    = {2008}
}
